<?xml version="1.0" encoding="UTF-8"?>
<collection xmlns="http://www.loc.gov/MARC21/slim">
  <!-- pubDate 2000: 008/7-10 2000 008/11-14 blank -->
  <record>
    <leader>01952cim  2200457Ia 45í0</leader>
    <controlfield tag="001">afirstDateOnly008</controlfield>
    <controlfield tag="008">041202s2000    mdunnn  s      f    eng d</controlfield>
    <datafield tag="245" ind1="1" ind2="0">
      <subfield code="a">pubDate 2000: 008/7-10 2000 008/11-14 blank</subfield>
    </datafield>
  </record>