
  <!-- pubDate 1964: 008/7-10 1964 008/11-14 1980 -->
  <record>
    <leader>01952cim  2200457Ia 45í0</leader>
    <controlfield tag="001">abothDates008</controlfield>
    <controlfield tag="008">780930c19641980nyu           000 0 eng d</controlfield>
    <datafield tag="245" ind1="1" ind2="0">
      <subfield code="a">pubDate 1964: 008/7-10 1964 008/11-14 1980</subfield>
    </datafield>
  </record>