
  <!-- pubDate unknown: 008 dates blank -->
  <record>
    <leader>01952cim  2200457Ia 45í0</leader>
    <controlfield tag="001">abothDatesBlank</controlfield>
    <controlfield tag="008">780930b        nyu           000 0 eng d</controlfield>
    <datafield tag="245" ind1="1" ind2="0">
      <subfield code="a">pubDate unknown:  008 dates blank</subfield>
    </datafield>
    <datafield tag="260" ind1=" " ind2=" ">
      <subfield code="c">[150-100 B.C.]</subfield>
    </datafield>
  </record>