
  <!-- pubDate 1984: Continuing resource currently published -->
  <record>
    <leader>01952cim  2200457Ia 45í0</leader>
    <controlfield tag="001">acontRes</controlfield>
    <controlfield tag="008">780930c19849999nyu           000 0 eng d</controlfield>
    <datafield tag="245" ind1="1" ind2="0">
      <subfield code="a">pubDate 1984: Continuing resource currently published</subfield>
    </datafield>
    <datafield tag="260" ind1=" " ind2=" ">
      <subfield code="a">New York :</subfield>
      <subfield code="b">Xerox Films,</subfield>
      <subfield code="c">1984-</subfield>
    </datafield>
  </record>