
  <!-- pubDate 195x: 008/7-10 195u -->
  <record>
    <leader>01952cim  2200457Ia 45í0</leader>
    <controlfield tag="001">apubDate195u</controlfield>
    <controlfield tag="008">780930d195u1982nyu           000 0 eng d</controlfield>
    <datafield tag="245" ind1="1" ind2="0">
      <subfield code="a">pubDate 195x: 008/7-10 195u</subfield>
    </datafield>
  </record>