
  <!-- pubDate unknown: 008/7-10 1uuu -->
  <record>
    <leader>01952cim  2200457Ia 45í0</leader>
    <controlfield tag="001">apubDate1uuu</controlfield>
    <controlfield tag="008">780930c1uuu9999nyu           000 0 eng d</controlfield>
    <datafield tag="245" ind1="1" ind2="0">
      <subfield code="a">pubDate unknown: 008/7-10 1uuu</subfield>
    </datafield>
  </record>