
  <!-- pubDate unknown: 008/7-10 uuuu -->
  <record>
    <leader>01952cim  2200457Ia 45í0</leader>
    <controlfield tag="001">apubDateuuuu</controlfield>
    <controlfield tag="008">780930nuuuuuuuunyu           000 0 eng d</controlfield>
    <datafield tag="245" ind1="1" ind2="0">
      <subfield code="a">pubDate unknown: 008/7-10 uuuu</subfield>
    </datafield>
  </record>