
  <!-- pubDate 08xx: 008/7-10 08uu -->
  <record>
    <leader>01952cim  2200457Ia 45í0</leader>
    <controlfield tag="001">apubDate08uu</controlfield>
    <controlfield tag="008">780930c08uu9999nyu           000 0 eng d</controlfield>
    <datafield tag="245" ind1="1" ind2="0">
      <subfield code="a">pubDate 08xx: 008/7-10 08uu</subfield>
    </datafield>
  </record>