
  <!-- pubDate 11xx: 008/7-10 11uu -->
  <record>
    <leader>01952cim  2200457Ia 45í0</leader>
    <controlfield tag="001">apubDate11uu</controlfield>
    <controlfield tag="008">780930c11uu9999nyu           000 0 eng d</controlfield>
    <datafield tag="245" ind1="1" ind2="0">
      <subfield code="a">pubDate 11xx: 008/7-10 19uu</subfield>
    </datafield>
  </record>