
  <!-- pubDate 12xx: 008/7-10 12uu -->
  <record>
    <leader>01952cim  2200457Ia 45í0</leader>
    <controlfield tag="001">apubDate12uu</controlfield>
    <controlfield tag="008">780930c12uu9999nyu           000 0 eng d</controlfield>
    <datafield tag="245" ind1="1" ind2="0">
      <subfield code="a">pubDate 12xx: 008/7-10 12uu</subfield>
    </datafield>
  </record>