
  <!-- pubDate 19xx: 008/7-10 19uu -->
  <record>
    <leader>01952cim  2200457Ia 45í0</leader>
    <controlfield tag="001">apubDate19uu</controlfield>
    <controlfield tag="008">780930c19uu9999nyu           000 0 eng d</controlfield>
    <datafield tag="245" ind1="1" ind2="0">
      <subfield code="a">pubDate 19xx: 008/7-10 19uu</subfield>
    </datafield>
  </record>