
  <!-- pubDate 2008 -->
  <record>
    <leader>01952cim  2200457Ia 45í0</leader>
    <controlfield tag="001">ab2008</controlfield>
    <controlfield tag="008">041202s2008    mdunnn  s      f    eng d</controlfield>
    <datafield tag="245" ind1="1" ind2="0">
      <subfield code="a">pubDate 2008</subfield>
    </datafield>
  </record>