
  <!-- pubDate 2006 -->
  <record>
    <leader>01952cim  2200457Ia 45í0</leader>
    <controlfield tag="001">az2006</controlfield>
    <controlfield tag="008">041202s2006    mdunnn  s      f    eng d</controlfield>
    <datafield tag="245" ind1="1" ind2="0">
      <subfield code="a">pubDate 2006</subfield>
    </datafield>
  </record>