
  <!-- pubDate 2005 -->
  <record>
    <leader>01952cim  2200457Ia 45í0</leader>
    <controlfield tag="001">aj2005</controlfield>
    <controlfield tag="008">041202s2005    mdunnn  s      f    eng d</controlfield>
    <datafield tag="245" ind1="1" ind2="0">
      <subfield code="a">pubDate 2005</subfield>
    </datafield>
  </record>