
  <!-- pubDate 2001 -->
  <record>
    <leader>01952cim  2200457Ia 45í0</leader>
    <controlfield tag="001">aq2001</controlfield>
    <controlfield tag="008">041202s2001    mdunnn  s      f    eng d</controlfield>
    <datafield tag="245" ind1="1" ind2="0">
      <subfield code="a">pubDate 2001</subfield>
    </datafield>
  </record>