
  <!-- pubDate 200u -->
  <record>
    <leader>01952cim  2200457Ia 45í0</leader>
    <controlfield tag="001">ax200u</controlfield>
    <controlfield tag="008">041202s200u    mdunnn  s      f    eng d</controlfield>
    <datafield tag="245" ind1="1" ind2="0">
      <subfield code="a">pubDate 200u</subfield>
    </datafield>
  </record>