
  <!-- pubDate 1997 -->
  <record>
    <leader>01952cim  2200457Ia 45í0</leader>
    <controlfield tag="001">ae1997</controlfield>
    <controlfield tag="008">041202s1997    mdunnn  s      f    eng d</controlfield>
    <datafield tag="245" ind1="1" ind2="0">
      <subfield code="a">pubDate 1997</subfield>
    </datafield>
  </record>