
  <!-- pubDate 199u -->
  <record>
    <leader>01952cim  2200457Ia 45í0</leader>
    <controlfield tag="001">ab199u</controlfield>
    <controlfield tag="008">041202s199u    mdunnn  s      f    eng d</controlfield>
    <datafield tag="245" ind1="1" ind2="0">
      <subfield code="a">pubDate 199u</subfield>
    </datafield>
  </record>