
  <!-- pubDate 1989 -->
  <record>
    <leader>01952cim  2200457Ia 45í0</leader>
    <controlfield tag="001">ay1989</controlfield>
    <controlfield tag="008">041202s1989    mdunnn  s      f    eng d</controlfield>
    <datafield tag="245" ind1="1" ind2="0">
      <subfield code="a">pubDate 1989</subfield>
    </datafield>
  </record>