
  <!-- pubDate 195u -->
  <record>
    <leader>01952cim  2200457Ia 45í0</leader>
    <controlfield tag="001">as195u</controlfield>
    <controlfield tag="008">041202s195u    mdunnn  s      f    eng d</controlfield>
    <datafield tag="245" ind1="1" ind2="0">
      <subfield code="a">pubDate 195u</subfield>
    </datafield>
  </record>