
  <!-- pubDate 190u -->
  <record>
    <leader>01952cim  2200457Ia 45í0</leader>
    <controlfield tag="001">as190u</controlfield>
    <controlfield tag="008">041202s190u    mdunnn  s      f    eng d</controlfield>
    <datafield tag="245" ind1="1" ind2="0">
      <subfield code="a">pubDate 190u</subfield>
    </datafield>
  </record>