
  <!-- pubDate 9999: 008/7-10 9999 -->
  <record>
    <leader>01952cim  2200457Ia 45í0</leader>
    <controlfield tag="001">apubDate9999</controlfield>
    <controlfield tag="008">780930c99999999nyu           000 0 eng d</controlfield>
    <datafield tag="245" ind1="1" ind2="0">
      <subfield code="a">pubDate 9999: 008/7-10 9999</subfield>
    </datafield>
  </record>