
  <!-- pubDate 100th century: 008/7-10 99uu -->
  <record>
    <leader>01952cim  2200457Ia 45í0</leader>
    <controlfield tag="001">apubDate99uu</controlfield>
    <controlfield tag="008">780930c99uu99uunyu           000 0 eng d</controlfield>
    <datafield tag="245" ind1="1" ind2="0">
      <subfield code="a">pubDate 99uu: 008/7-10 99uu</subfield>
    </datafield>
  </record>