
  <!-- pubDate too high (6666): 008/7-10 6666 -->
  <record>
    <leader>01952cim  2200457Ia 45í0</leader>
    <controlfield tag="001">apubDate6666</controlfield>
    <controlfield tag="008">780930c66666666nyu           000 0 eng d</controlfield>
    <datafield tag="245" ind1="1" ind2="0">
      <subfield code="a">pubDate too high: 008/7-10 6666</subfield>
    </datafield>
  </record>