
  <!-- pubDate too high (8610s): 008/7-10 861u -->
  <record>
    <leader>01952cim  2200457Ia 45í0</leader>
    <controlfield tag="001">apubDate861u</controlfield>
    <controlfield tag="008">780930c861u861unyu           000 0 eng d</controlfield>
    <datafield tag="245" ind1="1" ind2="0">
      <subfield code="a">pubDate too high: 008/7-10 861u</subfield>
    </datafield>
  </record>