  
  <!-- pubDate this year + 1 (2010) -->
  <record>
    <leader>01952cim  2200457Ia 45í0</leader>
    <controlfield tag="001">apubDate2010</controlfield>
    <controlfield tag="008">780930c20102010nyu           000 0 eng d</controlfield>
    <datafield tag="245" ind1="1" ind2="0">
      <subfield code="a">pubDate 2010</subfield>
    </datafield>
  </record>