  
  
  <!-- pubDate 0000 -->
  <record>
    <leader>00514nam a22001575Z 4500</leader>
    <controlfield tag="001">apubDate0000</controlfield>
    <controlfield tag="008">890816s0000    cau           000 0 eng d</controlfield>
    <datafield tag="245" ind1="1" ind2="0">
      <subfield code="a">pubDate 0000</subfield>
    </datafield>
  </record>