
  <!-- bad pubDate of 0059 -->
  <record>
    <leader>01952cim  2200457Ia 45í0</leader>
    <controlfield tag="001">apubDate0059</controlfield>
    <controlfield tag="008">780930c0059    nyu           000 0 eng d</controlfield>
    <datafield tag="245" ind1="0" ind2="0">
      <subfield code="a">pubDate 0059</subfield>
    </datafield>
    <datafield tag="260" ind1=" " ind2=" ">
      <subfield code="c">2005.</subfield>
    </datafield>
  </record>