
  <!-- bad pubDate of 0197 ... see 260c -->
  <record>
    <leader>01952cim  2200457Ia 45í0</leader>
    <controlfield tag="001">apubDate0197-1</controlfield>
    <controlfield tag="008">780930c0197    nyu           000 0 eng d</controlfield>
    <datafield tag="245" ind1="1" ind2="2">
      <subfield code="a">pubDate 0197</subfield>
    </datafield>
    <datafield tag="260" ind1=" " ind2=" ">
      <subfield code="a">Washington :</subfield>
      <subfield code="b">National Aeronautics and Space Administration,</subfield>
      <subfield code="c">[197?]</subfield>
    </datafield>
  </record>