
  <!-- legit pubdate of 0500 -->
  <record>
    <leader>01952cim  2200457Ia 45í0</leader>
    <controlfield tag="001">apubDate0500</controlfield>
    <controlfield tag="008">780930c05001963nyu           000 0 eng d</controlfield>
    <datafield tag="245" ind1="0" ind2="0">
      <subfield code="a">Special Collections&apos; general artifact collection,</subfield>
      <subfield code="f">ca. 500-1963.</subfield>
    </datafield>
  </record>