
  <!-- pubDate 0204 should be 2004 -->
  <record>
    <leader>01952cim  2200457Ia 45í0</leader>
    <controlfield tag="001">apubDate0204</controlfield>
    <controlfield tag="008">780930c0204    nyu           000 0 fre d</controlfield>
    <datafield tag="245" ind1="1" ind2="3">
      <subfield code="a">pubDate 0204 should be 2004</subfield>
    </datafield>
    <datafield tag="260" ind1=" " ind2=" ">
      <subfield code="c">[2004]</subfield>
    </datafield>
  </record>