
  <!-- legit first 1/2 of 9th century -->  
  <record>
    <leader>01952cim  2200457Ia 45í0</leader>
    <controlfield tag="001">apubDate0801</controlfield>
    <controlfield tag="008">780930c08010850nyu           000 0 lat d</controlfield>
    <datafield tag="245" ind1="1" ind2="0">
      <subfield code="a">pubDate 0801 legit</subfield>
    </datafield>
    <datafield tag="260" ind1=" " ind2=" ">
      <subfield code="c">[first half of the 9th century]</subfield>
    </datafield>
  </record>