
  <!-- pubDate 0960 legit -->
  <record>
    <leader>01952cim  2200457Ia 45í0</leader>
    <controlfield tag="001">apubDate0960</controlfield>
    <controlfield tag="008">780930c09601279nyu           000 0 chi d</controlfield>
    <datafield tag="245" ind1="1" ind2="0">
      <subfield code="a">pubDate 0960 legit</subfield>
    </datafield>
    <datafield tag="260" ind1=" " ind2=" ">
      <subfield code="a">[China :</subfield>
      <subfield code="b">s.n.],</subfield>
      <subfield code="c">Song [between 960 and 1279]</subfield>
    </datafield>
  </record>