
  <!-- pubDate 0965 should be 1965 -->
  <record>
    <leader>01952cim  2200457Ia 45í0</leader>
    <controlfield tag="001">apubDate0965</controlfield>
    <controlfield tag="008">780930c0965    nyu           000 0 eng d</controlfield>
    <datafield tag="245" ind1="0" ind2="0">
      <subfield code="a">pubDate 0965 should be 1965</subfield>
    </datafield>
    <datafield tag="260" ind1=" " ind2=" ">
      <subfield code="a">Paris,</subfield>
      <subfield code="b">R. Laffont</subfield>
      <subfield code="c">[1965]</subfield>
    </datafield>
  </record>