
  <!-- pubdate 0980 should be 1980 -->
  <record>
    <leader>01952cim  2200457Ia 45í0</leader>
    <controlfield tag="001">apubDate0980</controlfield>
    <controlfield tag="008">780930c0980    nyu           000 0 eng d</controlfield>
    <datafield tag="245" ind1="1" ind2="0">
      <subfield code="a">pubdate 0980 should be 1980</subfield>
    </datafield>
    <datafield tag="260" ind1=" " ind2=" ">
      <subfield code="a">New York :</subfield>
      <subfield code="b">Holt, Rinehart, and Winston,</subfield>
      <subfield code="c">c1980.</subfield>
    </datafield>
  </record>