
  <!-- pubdate 0999 should be 1999 -->
  <record>
    <leader>01952cim  2200457Ia 45í0</leader>
    <controlfield tag="001">apubDate0999</controlfield>
    <controlfield tag="008">780930c0999    nyu           000 0 eng d</controlfield>
    <datafield tag="245" ind1="0" ind2="0">
      <subfield code="a">pubdate 0999 should be 1999</subfield>
    </datafield>
    <datafield tag="260" ind1=" " ind2=" ">
      <subfield code="c">1999</subfield>
    </datafield>
  </record>