
  <!-- pubDate 0963 legit -->
  <record>
    <leader>01952cim  2200457Ia 45í0</leader>
    <controlfield tag="001">apubDate0963</controlfield>
    <controlfield tag="008">780930c0963    nyu           000 0 eng d</controlfield>
    <datafield tag="245" ind1=" " ind2=" ">
      <subfield code="a">Catalonian Parchment.</subfield>
      <subfield code="b">18 April 963.</subfield>
    </datafield>
  </record>